<record><leader>00000cas a2200000 a 4500</leader><controlfield tag="001">33464771</controlfield><controlfield tag="008">951110c19929999caudr ne      0    0eng c</controlfield><datafield ind1=" " ind2=" " tag="010"><subfield code="a">sn 95061942 </subfield></datafield><datafield ind1=" " ind2=" " tag="040"><subfield code="a">CNK</subfield><subfield code="b">eng</subfield><subfield code="c">CNK</subfield><subfield code="d">OCLCQ</subfield><subfield code="d">CNK</subfield><subfield code="d">OCLCQ</subfield><subfield code="d">OCLCF</subfield><subfield code="d">OCLCO</subfield></datafield><datafield ind1="1" ind2=" " tag="029"><subfield code="a">AU@</subfield><subfield code="b">000025867261</subfield></datafield><datafield ind1=" " ind2=" " tag="042"><subfield code="a">pcc</subfield></datafield><datafield ind1=" " ind2=" " tag="043"><subfield code="a">n-us-ca</subfield></datafield><datafield ind1="0" ind2="4" tag="245"><subfield code="a">The Monterey County herald.</subfield></datafield><datafield ind1="3" ind2=" " tag="246"><subfield code="a">Sunday herald</subfield></datafield><datafield ind1="3" ind2=" " tag="246"><subfield code="a">Monterey County Sunday herald</subfield></datafield><datafield ind1=" " ind2=" " tag="260"><subfield code="a">Monterey, CA :</subfield><subfield code="b">Monterey Peninsula Herald Pub. Co</subfield></datafield><datafield ind1=" " ind2=" " tag="300"><subfield code="a">v.</subfield></datafield><datafield ind1=" " ind2=" " tag="310"><subfield code="a">Daily</subfield></datafield><datafield ind1="0" ind2=" " tag="362"><subfield code="a">70th year, no. 311 (Apr. 20, 1992)-</subfield></datafield><datafield ind1=" " ind2=" " tag="500"><subfield code="a">Published Sundays as: Sunday herald. "Monterey County" appears over masthead, May 3, 1992-</subfield></datafield><datafield ind1=" " ind2=" " tag="500"><subfield code="a">Published in regional editions: Monterey Peninsula ed., Salinas Valley ed.</subfield></datafield><datafield ind1=" " ind2=" " tag="530"><subfield code="a">Master negatives are available for duplication from:</subfield><subfield code="b">California Newspaper Microfilm Archive;</subfield><subfield code="c">positive copies may be purchased by the reel; for further information consult the CNMA at:</subfield><subfield code="u">http://cbsr.ucr.edu</subfield></datafield><datafield ind1=" " ind2="0" tag="651"><subfield code="a">Monterey County (Calif.)</subfield><subfield code="v">Newspapers.</subfield></datafield><datafield ind1=" " ind2="7" tag="655"><subfield code="a">Newspapers.</subfield><subfield code="2">fast</subfield><subfield code="0">(OCoLC)fst01423814</subfield></datafield><datafield ind1=" " ind2="7" tag="651"><subfield code="a">California</subfield><subfield code="z">Monterey County.</subfield><subfield code="2">fast</subfield><subfield code="0">(OCoLC)fst01208098</subfield></datafield><datafield ind1=" " ind2=" " tag="752"><subfield code="a">United States</subfield><subfield code="b">California</subfield><subfield code="c">Monterey</subfield><subfield code="d">Monterey.</subfield></datafield><datafield ind1="0" ind2="0" tag="780"><subfield code="t">Herald (Monterey, Calif.)</subfield><subfield code="w">(DLC)sn 86010904</subfield></datafield></record>